@book{segal2002supreme,
  title={The Supreme Court and the attitudinal model revisited},
  author={Segal, Jeffrey A and Spaeth, Harold J},
  year={2002},
  publisher={Cambridge University Press}
}
@article{dahl1957decision,
  title={Decision-making in a democracy: The Supreme Court as a national policy-maker},
  author={Dahl, Robert A},
  journal={J. Pub. L.},
  volume={6},
  pages={279},
  year={1957},
  publisher={HeinOnline}
}